% Encoding: UTF-8
@book{Knuth1998,
 author = {Knuth, Donald E.},
 title = {The art of computer programming,  volume 3: (2nd ed.) sorting and searching},
 year = {1998},
 publisher = {Addison Wesley Longman Publishing Co., Inc.},
 address = {Redwood City, CA, USA}
}

@book{Pollefliet2011,
  author = {Pollefliet, Leen},
  title = {Schrijven van verslag tot eindwerk: do's en don'ts},
  year = {2011},
  publisher = {Academia Press},
  address = {Gent}
}

@article{Creeger2009,
  author = {Creeger, Mache},
  journal = {Communications of the ACM},
  number = {8},
  pages = {50--56},
  title = {{CTO Roundtable: Cloud Computing}},
  volume = {52},
  year = {2009}
}

@TechReport{Kocher,
  author  = {Paul Kocher , Daniel Genkin , Daniel Gruss},
  title   = {Spectre Attacks: Exploiting Speculative Execution},
  address = {https://spectreattack.com/spectre.pdf},
}

@Online{Stokes2009,
  author = {Jon Stokes},
  title  = {Intel launches all-new PC architecture with Core i5/i7 CPUs},
  date   = {2009-09-09},
  url    = {https://arstechnica.com/gadgets/2009/09/intel-launches-all-new-pc-architecture-with-core-i5i7-cpus/},
}

@Online{Luijtgaarden2018,
  author = {Mark van de Luijtgaarden},
  title  = {Microsoft en Intel brengen Spectre-patch voor Windows 10 uit: BIOS-updates overbodig},
  year   = {2018},
  url    = {https://be.hardware.info/nieuws/55469/microsoft-en-intel-brengen-spectre-patch-voor-windows-10-uit-bios-updates-overbodig},
}

@Online{Turner2018,
  author = {Paul Turner},
  title  = {Retpoline: a software construct for preventing branch-target-injection},
  year   = {2018},
  url    = {https://support.google.com/faqs/answer/7625886},
}

@TechReport{Intel2018,
  author = {Intel},
  title  = {Speculative Execution Side Channel Mitigations},
  year   = {2018},
  url    = {https://software.intel.com/sites/default/files/managed/c5/63/336996-Speculative-Execution-Side-Channel-Mitigations.pdf},
}

@Comment{jabref-meta: databaseType:biblatex;}
